@Article{Albert04,
  title = {{Structural vulnerability of the North American power grid}},
  author = {Albert, R\'eka  and Albert, Istv\'an  and Nakarado, Gary L.},
  journal = {Phys. Rev. E},
  volume = {69},
  number = {2},
  year = {2004},
  month = {Feb},
  doi = {10.1103/PhysRevE.69.025103},
  publisher = {American Physical Society}
}

@article{Moslehim10, 
    author = {Khosrow Moslehim and Ranjit Kumar},
    journal = {IEEE Transactions on Smart Grid}, 
    month = {june},
    number = {1},
    title = {A Reliability Perspective of the Smart Grid},
    volume = {1},
    year = {2010}
}

@misc{fluke_meter,
author = {{Fluke Corporation}},
title = {{Fluke Power Quality Analyzers}},
howpublished = "\url{http://www.fluke.com/fluke/usen/products/categorypqttop.htm}",
note = "[Online: accessed Aug. 2013]"
}

@misc{schneider_meter,
author = {{Schneider Electric}},
title = {{PowerLogic Energy and Power Quality Meters}},
howpublished = "\url{http://www.schneider-electric.com}",
note = "[Online: accessed Aug. 2013]"
}

@article{maxent,
  title={Information Theory and Statistical Mechanics},
  author={Jaynes, Edwin T},
  journal={The Physical Review},
  volume = {106},
  number = {4},
  pages={620--630},
  year={1957},
  publisher={APS}
}

@inproceedings{catherine_pri,
  title={A smart meter based approach to power reliability index for enterprise-level power grid},
  author={Gamroth, Catherine and Wu, Kui and Marinakis, Dimitri},
  booktitle={Smart Grid Communications (SmartGridComm), 2012 IEEE Third International Conference on},
  pages={534--539},
  year={2012},
  organization={IEEE}
}

@ARTICLE{goldbook, 
author={{IEEE}}, 
journal={IEEE Std 493-2007 (Revision of IEEE Std 493-1997)}, 
title={{IEEE} Recommended Practice for the Design of Reliable Industrial and Commercial Power Systems}, 
year={2007}, 
month={ }, 
volume={}, 
number={}, 
pages={1--383}, 
keywords={}, 
doi={10.1109/IEEESTD.2007.380668}, 
ISSN={}
}

@techreport{iti_curve, 
author={ITI}, 
title={{ITI (CBEMA) Curve Application Note}}, 
institution={Information Technology Industry Council {(ITI)}},
year={2007}, 
month={October}, 
volume={}, 
number={}, 
pages={}, 
keywords={}, 
doi={}, 
ISSN={}
}

@article{Krause09,
  author = {A. Krause and C. Guestrin},
  journal = {IEEE Computer Magazine},
  title = {{Optimizing Sensing from Water to the Web}},
  month= {August},
  year = 2009
}

@inproceedings{Yuill11,
  address = {Detroit, Michigan},
  author = {W. Yuill and A. Edwards and S. Chowdhury and S. P. Chowdhury},
  booktitle = {IEEE Power and Energy Society General Meeting},
  title = {{Optimal PMU placement: a comprehensive literature review}},
  year = 2011,
  month = {July}
}

@inproceedings{chowdhury2004reliability,
  title={Reliability worth assessment in electric power delivery systems},
  author={Chowdhury, AA and Mielnik, TC and Lawion, LE and Sullivan, MJ and Katz, A},
  booktitle={Power Engineering Society General Meeting, 2004. IEEE},
  pages={654--660},
  year={2004},
  organization={IEEE}
}

@book{pearl1988probabilistic,
  title={Probabilistic Reasoning in Intelligent Systems: Networks of Plausible Inference},
  author={Pearl, Judea},
  year={1988},
  publisher={Morgan Kaufmann Pub}
}


@article{yedidia2001generalized,
  title={Generalized belief propagation},
  author={Yedidia, Jonathan S and Freeman, William T and Weiss, Yair and others},
  journal={Advances in neural information processing systems},
  pages={689--695},
  year={2001},
  publisher={MIT; 1998}
}


@article{epri2002,
  title={Analysis of Extremely Reliable Power Delivery Systems: A Proposal for Development and Application of Security, Quality, Reliability, and Availability (SQRA) Modeling for Optimizing Power System Configurations for the Digital Economy},
  author={EPRI},
  journal={CEIDS},
  year={2002}
}

@ARTICLE{iec_61000, 
author={{IEC}}, 
journal={IEC/TS 61000-2-5}, 
title={{Electromagnetic Compatibility (EMC) - Part 2: Environment - Section 5: Classification of Electromagnetic Environments}},
year={1995}
}

@ARTICLE{IEEE09_1159, 
author={IEEE}, 
journal={IEEE Std 1159-2009 (Revision of IEEE Std 1159-1995)}, title={{IEEE} Recommended Practice for Monitoring Electric Power Quality}, 
year={2009}, 
month={June}, 
volume={}, 
number={}, 
pages={c1--81}, 
keywords={{IEEE} recommended practice;ac power systems;electric power quality;power quality monitoring;power supply quality;power system measurement;}, 
doi={10.1109/IEEESTD.2009.5154067}, 
ISSN={},}

@article{fang2011smart,
  title={Smart grid -- the new and improved power grid: a survey},
  author={Fang, Xi and Misra, Satyajayant and Xue, Guoliang and Yang, Dejun},
  journal = {{IEEE Communications Surveys \& Tutorials}}, 
  volume = {14},
  number = {3},
  year={2011},
  publisher={IEEE},
  pages={1--37}
}

@article{mcbee2012utilizing,
  title={Utilizing a smart grid monitoring system to improve voltage quality of customers},
  author={McBee, Kerry D and Simoes, Marcelo Godoy},
  journal={IEEE Trans. Smart Grid},
  volume={3},
  number={2},
  pages={738--743},
  year={2012},
  publisher={IEEE}
}

@article{almeida2013harmonic,
  title={Harmonic state estimation through optimal monitoring systems},
  author={Almeida, Carlos Frederico M and Kagan, Nelson},
  journal={IEEE Trans. Smart Grid},
  volume={4},
  number={1},
  pages={467--478},
  year={2013},
  publisher={IEEE}
}

@article{savaghebi2012secondary,
  title={Secondary control for voltage quality enhancement in microgrids},
  author={Savaghebi, Mehdi and Jalilian, Alireza and Vasquez, Juan C and Guerrero, Josep M},
  journal={IEEE Trans. Smart Grid},
  volume={3},
  number={4},
  pages={1893--1902},
  year={2012},
  publisher={IEEE}
}

@article{farzanehrafat2013power,
  title={Power quality state estimator for smart distribution grids},
  author={Farzanehrafat, Ali and Watson, Neville R},
  journal={Power Systems, IEEE Transactions on},
  volume={28},
  number={3},
  pages={2183--2191},
  year={2013},
  publisher={IEEE}
}

@article{ghiocel2014phasor,
  title={Phasor-measurement-based state estimation for synchrophasor data quality improvement and power transfer interface monitoring},
  author={Ghiocel, Scott G and Chow, Joe H and Stefopoulos, George and Fardanesh, Bruce and Maragal, Deepak and Blanchard, Brent and Razanousky, Michael and Bertagnolli, David B},
  journal={IEEE Trans. Power Systems},
  volume={29},
  number={2},
  pages={881--888},
  year={2014},
  publisher={IEEE}
}

@article{chen2006placement,
  title={Placement of PMUs to enable bad data detection in state estimation},
  author={Chen, Jian and Abur, Ali},
  journal={IEEE Trans. Power Systems},
  volume={21},
  number={4},
  pages={1608--1615},
  year={2006},
  publisher={IEEE}
}

@article{singh2011meter,
  title={Meter placement for distribution system state estimation: an ordinal optimization approach},
  author={Singh, Ravindra and Pal, Bikash C and Jabr, Rabih A and Vinter, Richard B},
  journal={IEEE Trans. Power Systems},
  volume={26},
  number={4},
  pages={2328--2335},
  year={2011},
  publisher={IEEE}
}

@article{shahraeini2012co,
  title={Co-optimal placement of measurement devices and their related communication infrastructure in wide area measurement systems},
  author={Shahraeini, Mohammad and Ghazizadeh, Mohammad Sadegh and Javidi, Mohammad Hossein},
  journal={IEEE Trans. Smart Grid},
  volume={3},
  number={2},
  pages={684--691},
  year={2012},
  publisher={IEEE}
}

@article{liu2012trade,
  title={Trade-offs in PMU deployment for state estimation in active distribution grids},
  author={Liu, Junqi and Tang, Junjie and Ponci, Ferdinanda and Monti, Antonello and Muscas, Carlo and Pegoraro, Paolo Attilio},
  journal={IEEE Trans. Smart Grid},
  volume={3},
  number={2},
  pages={915--924},
  year={2012},
  publisher={IEEE}
}

@inproceedings{he2010fault,
  title={Fault detection and localization in smart grid: A probabilistic dependence graph approach},
  author={He, Miao and Zhang, Junshan},
  booktitle={Smart Grid Communications (SmartGridComm), 2010 First IEEE International Conference on},
  pages={43--48},
  year={2010},
  organization={IEEE}
}

@inproceedings{chen2010cascading,
  title={Cascading failures in smart grid-benefits of distributed generation},
  author={Chen, Xian and Dinh, Hieu and Wang, Bing},
  booktitle={Smart Grid Communications (SmartGridComm), 2010 First IEEE International Conference on},
  pages={73--78},
  year={2010},
  organization={IEEE}
}

@inproceedings{lopez2011challenges,
  title={Challenges of using smart local devices for the management of the Smart Grid},
  author={Lopez-Rodriguez, Ignacio and Hern{\'a}ndez-Tejera, Mario},
  booktitle={Smart Grid Communications (SmartGridComm), 2011 IEEE International Conference on},
  pages={73--77},
  year={2011},
  organization={IEEE}
}

@inproceedings{deka2011pmu,
  title={PMU placement and error control using belief propagation},
  author={Deka, Deepjyoti and Vishwanath, Sriram},
  booktitle={Smart Grid Communications (SmartGridComm), 2011 IEEE International Conference on},
  pages={552--557},
  year={2011},
  organization={IEEE}
}

@inproceedings{li2011efficient,
  title={Efficient and reliable multiple access for advanced metering in future smart grid},
  author={Li, Husheng and Han, Zhu and Lai, Lifeng and Qiu, Robert C and Yang, Depeng},
  booktitle={Smart Grid Communications (SmartGridComm), 2011 IEEE International Conference on},
  pages={440--444},
  year={2011},
  organization={IEEE}
}

@inproceedings{hao2012smart,
  title={Smart meter deployment optimization for efficient electrical appliance state monitoring},
  author={Hao, Xiaohong and Wang, Yongcai and Wu, Chenye and Song, Lei and Hu, Changjian and Yu, Lu and others},
  booktitle={Smart Grid Communications (SmartGridComm), 2012 IEEE Third International Conference on},
  pages={25--30},
  year={2012},
  organization={IEEE}
}

@inproceedings{uddin2012approximate,
  title={Approximate solutions and performance bounds for the sensor placement problem},
  author={Uddin, Muslem and Kuh, Anthony and Kavcic, Aleksandar and Tanaka, Toshihisa},
  booktitle={Smart Grid Communications (SmartGridComm), 2012 IEEE Third International Conference on},
  pages={31--36},
  year={2012},
  organization={IEEE}
}

@inproceedings{anderson2012graph,
  title={Graph-theoretic algorithms for PMU placement in power systems under measurement observability constraints},
  author={Anderson, Joel E and Chakrabortty, Aranya},
  booktitle={Smart Grid Communications (SmartGridComm), 2012 IEEE Third International Conference on},
  pages={617--622},
  year={2012},
  organization={IEEE}
}

@inproceedings{kim2013phasor,
  title={On phasor measurement unit placement against state and topology attacks},
  author={Kim, Jinsub and Tong, Lang},
  booktitle={Smart Grid Communications (SmartGridComm), 2013 IEEE International Conference on},
  pages={396--401},
  year={2013},
  organization={IEEE}
}

@inproceedings{ali2013maximum,
  title={A Maximum-Entropy based fast estimation of power quality for smart microgrid},
  author={Ali, Shady and Wu, Kui and Marinakis, Dimitri},
  booktitle={Smart Grid Communications (SmartGridComm), 2013 IEEE International Conference on},
  pages={354--359},
  year={2013},
  organization={IEEE}
}

@inproceedings{weng2013historical,
  title={Historical data-driven state estimation for electric power systems},
  author={Weng, Yang and Negi, Richa and Ilic, Marija D},
  booktitle={Smart Grid Communications (SmartGridComm), 2013 IEEE International Conference on},
  pages={97--102},
  year={2013},
  organization={IEEE}
}

@inproceedings{ali2013intelligent,
  title={Intelligent meter placement for power quality estimation in smart grid},
  author={Ali, Shady and Weston, Kyle and Marinakis, Dimitri and Wu, Kui},
  booktitle={Smart Grid Communications (SmartGridComm), 2013 IEEE International Conference on},
  pages={546--551},
  year={2013},
  organization={IEEE}
}

@inproceedings{goodney2013efficient,
  title={Efficient PMU networking with software defined networks},
  author={Goodney, Andrew and Kumar, Sudhakar and Ravi, Adit and Cho, Young H},
  booktitle={Smart Grid Communications (SmartGridComm), 2013 IEEE International Conference on},
  pages={378--383},
  year={2013},
  organization={IEEE}
}

@inproceedings{parandehgheibi2014mitigating,
  title={Mitigating cascading failures in interdependent power grids and communication networks},
  author={Parandehgheibi, Marzieh and Modiano, Eytan and Hay, David},
  booktitle={Smart Grid Communications (SmartGridComm), 2014 IEEE International Conference on},
  pages={242--247},
  year={2014},
  organization={IEEE}
}

@inproceedings{lunden2014real,
  title={Real-time smart metering with reduced communication and bounded error},
  author={Lunden, Jarmo and Werner, Stefan},
  booktitle={Smart Grid Communications (SmartGridComm), 2014 IEEE International Conference on},
  pages={326--331},
  year={2014},
  organization={IEEE}
}

@inproceedings{dimitriou2014voltage,
  title={Voltage and frequency measuring plug: As part of Smart Grids metering system},
  author={Dimitriou, P and Leber, T and Nagele, N and Temmel, L and Tessarek, C},
  booktitle={Smart Grid Communications (SmartGridComm), 2014 IEEE International Conference on},
  pages={350--355},
  year={2014},
  organization={IEEE}
}

@inproceedings{weng2014data,
  title={Data-driven topology estimation},
  author={Weng, Yang and Faloutsos, Christos and Ilic, Marija D},
  booktitle={Smart Grid Communications (SmartGridComm), 2014 IEEE International Conference on},
  pages={560--565},
  year={2014},
  organization={IEEE}
}

@article{uddin2014nested,
  title={Nested performance bounds and approximate solutions for the sensor placement problem},
  author={Uddin, Muhammad Sharif and Kuh, Anthony and Kavcic, Aleksandar and Tanaka, Toshihisa},
  journal={APSIPA Transactions on Signal and Information Processing},
  volume={3},
  pages={e4},
  year={2014},
  publisher={Cambridge Univ Press}
}


@article{de2010synchronized,
  title={Synchronized phasor measurement applications in power systems},
  author={De La Ree, Jaime and Centeno, Virgilio and Thorp, James S and Phadke, Arun G},
  journal={Smart Grid, IEEE Transactions on},
  volume={1},
  number={1},
  pages={20--27},
  year={2010},
  publisher={IEEE}
}

@article{russell2010intelligent,
  title={Intelligent systems for improved reliability and failure diagnosis in distribution systems},
  author={Russell, B Don and Benner, Carl L},
  journal={Smart Grid, IEEE Transactions on},
  volume={1},
  number={1},
  pages={48--56},
  year={2010},
  publisher={IEEE}
}

@article{ma2010application,
  title={Application of phasor measurement unit on locating disturbance source for low-frequency oscillation},
  author={Ma, Jin and Zhang, Pu and Fu, Hong-jun and Bo, Bo and Dong, Zhao-yang},
  journal={Smart Grid, IEEE Transactions on},
  volume={1},
  number={3},
  pages={340--346},
  year={2010},
  publisher={IEEE}
}

4. Smart Fault Location for Smart Grids
@article{manikandan2014smart,
  title={Smart Fault Location for Smart Grids},
  author={Manikandan, P and Saravanan, J},
  journal={Smart Grid, IEEE Transactions on},
  volume={2},
  number={1},
  pages={11--22},
  year={2014},
  publisher={IEEE}
}

@article{gao2011wavelet,
  title={Wavelet-based disturbance analysis for power system wide-area monitoring},
  author={Gao, Wenzhong and Ning, Jiaxin},
  journal={Smart Grid, IEEE Transactions on},
  volume={2},
  number={1},
  pages={121--130},
  year={2011},
  publisher={IEEE}
}

@article{he2011dependency,
  title={A dependency graph approach for fault detection and localization towards secure smart grid},
  author={He, Miao and Zhang, Junshan},
  journal={Smart Grid, IEEE Transactions on},
  volume={2},
  number={2},
  pages={342--351},
  year={2011},
  publisher={IEEE}
}

@article{azizi2012optimal,
  title={Optimal PMU placement by an equivalent linear formulation for exhaustive search},
  author={Azizi, Sadegh and Sarmadi, Nezam and Arash, S and Ranjbar, Ali Mohammad and others},
  journal={Smart Grid, IEEE Transactions on},
  volume={3},
  number={1},
  pages={174--182},
  year={2012},
  publisher={IEEE}
}

@article{xu2012network,
  title={A network decoupling transform for phasor data based voltage stability analysis and monitoring},
  author={Xu, Wilsun and Pordanjani, Iraj Rahimi and Wang, Yunfei and Vaahedi, Ebrahim},
  journal={Smart Grid, IEEE Transactions on},
  volume={3},
  number={1},
  pages={261--270},
  year={2012},
  publisher={IEEE}
}

@article{hashiesh2012intelligent,
  title={An intelligent wide area synchrophasor based system for predicting and mitigating transient instabilities},
  author={Hashiesh, Fahd and Mostafa, Hossam E and Khatib, Abdel-Rahman and Helal, Ibrahim and Mansour, Mohamed M},
  journal={Smart Grid, IEEE Transactions on},
  volume={3},
  number={2},
  pages={645--652},
  year={2012},
  publisher={IEEE}
}

@article{wang2012online,
  title={Online overvoltage prevention control of photovoltaic generators in microgrids},
  author={Wang, Yang and Zhang, Peng and Li, Wenyuan and Xiao, Weidong and Abdollahi, Ali},
  journal={Smart Grid, IEEE Transactions on},
  volume={3},
  number={4},
  pages={2071--2078},
  year={2012},
  publisher={IEEE}
}

@article{li2013information,
  title={An information-theoretic approach to PMU placement in electric power systems},
  author={Li, Qiao and Cui, Tao and Weng, Yang and Negi, Richa and Franchetti, Franz and Ilic, Marija D},
  journal={Smart Grid, IEEE Transactions on},
  volume={4},
  number={1},
  pages={446--456},
  year={2013},
  publisher={IEEE}
}

@article{jo2013improving,
  title={On Improving Distortion Power Quality Index in Distributed Power Grids},
  author={Jo, Si-Hun and Son, SeoEun and Park, Jung-Wook},
  journal={Smart Grid, IEEE Transactions on},
  volume={4},
  number={1},
  pages={586--595},
  year={2013},
  publisher={IEEE}
}

@article{pasdar2013detecting,
  title={Detecting and Locating Faulty Nodes in Smart Grids Based on High Frequency Signal Injection},
  author={Pasdar, Amir Mehdi and Sozer, Yilmaz and Husain, Iqbal},
  journal={Smart Grid, IEEE Transactions on},
  volume={4},
  number={2},
  pages={1067--1075},
  year={2013},
  publisher={IEEE}
}

@article{short2013advanced,
  title={Advanced metering for phase identification, transformer identification, and secondary modeling},
  author={Short, Tom A},
  journal={Smart Grid, IEEE Transactions on},
  volume={4},
  number={2},
  pages={651--658},
  year={2013},
  publisher={IEEE}
}

@article{falahati2013reliability,
  title={Reliability modeling and evaluation of power systems with smart monitoring},
  author={Falahati, Bamdad and Fu, Yong and Mousavi, Mirrasoul J},
  journal={Smart Grid, IEEE Transactions on},
  volume={4},
  number={2},
  pages={1087--1095},
  year={2013},
  publisher={IEEE}
}

@article{su2013adaptive,
  title={An adaptive PMU-based secondary voltage control scheme},
  author={Su, Heng-Yi and Liu, Chih-Wen},
  journal={Smart Grid, IEEE Transactions on},
  volume={4},
  number={3},
  pages={1514--1522},
  year={2013},
  publisher={IEEE}
}

@article{livani2014machine,
  title={A machine learning and wavelet-based fault location method for hybrid transmission lines},
  author={Livani, Hanif and Evrenosoglu, Cansin Yaman},
  journal={Smart Grid, IEEE Transactions on},
  volume={5},
  number={1},
  pages={51--59},
  year={2014},
  publisher={IEEE}
}

@article{kulkarni2014incipient,
  title={Incipient fault location algorithm for underground cables},
  author={Kulkarni, Santosh and Santoso, Surya and Short, Thomas A},
  journal={Smart Grid, IEEE Transactions on},
  volume={5},
  number={3},
  pages={1165--1174},
  year={2014},
  publisher={IEEE}
}

@article{jiang2014fault,
  title={Fault detection, identification, and location in smart grid based on data-driven computational methods},
  author={Jiang, Huaiguang and Zhang, Jun J and Gao, Wenzhong and Wu, Ziping},
  journal={Smart Grid, IEEE Transactions on},
  volume={5},
  number={6},
  pages={2947--2956},
  year={2014},
  publisher={IEEE}
}

@article{chen2015mitigating,
  title={Mitigating Voltage and Frequency Fluctuation in Microgrids Using Electric Springs},
  author={Chen, Xia and Hou, Yunhe and Tan, Siew-Chong and Lee, Chi-Kwan and Hui, Shu Yuen Ron},
  journal={Smart Grid, IEEE Transactions on},
  volume={6},
  number={2},
  pages={508--515},
  year={2015},
  publisher={IEEE}
}

@article{liu2015classification,
  title={A classification method for complex power quality disturbances using EEMD and rank wavelet SVM},
  author={Liu, Zhigang and Cui, Yan and Li, Wenhui},
  journal={Smart Grid, IEEE Transactions on},
  volume={6},
  number={4},
  pages={1678--1685},
  year={2015},
  publisher={IEEE}
}

@article{damavandirobust,
  title={Robust Meter Placement for State Estimation in Active Distribution Systems},
  author={Damavandi, Mohammad Ghasemi and Krishnamurthy, Vikram and Marti, Jose R},
  journal={Smart Grid, IEEE Transactions on},
  volume={6},
  number={4},
  pages={1972--1982},
  year={2015},
  publisher={IEEE}
}

@article{alimachine,
  title={A Machine Learning Approach to Meter Placement for Power Quality Estimation in Smart Grid},
  author={Ali, Sardar and Wu, Kui and Weston, Kyle and Marinakis, Dimitri},
  journal={Smart Grid, IEEE Transactions on},
  volume={PP},
  number={99},
  pages={1--10},
  year={2015},
  publisher={IEEE}
}

@article{wang2010reliability,
  title={Reliability analysis of wide-area measurement system},
  author={Wang, Yang and Li, Wenyuan and Lu, Jiping},
  journal={Power Delivery, IEEE Transactions on},
  volume={25},
  number={3},
  pages={1483--1491},
  year={2010},
  publisher={IEEE}
}

@article{koziy2013low,
  title={A low-cost power-quality meter with series arc-fault detection capability for smart grid},
  author={Koziy, Kostyantyn and Gou, Bei and Aslakson, Joel},
  journal={Power Delivery, IEEE Transactions on},
  volume={28},
  number={3},
  pages={1584--1591},
  year={2013},
  publisher={IEEE}
}

@article{coffele2015adaptive,
  title={An Adaptive Overcurrent Protection Scheme for Distribution Networks},
  author={Coffele, F and Booth, C and Dysko, A},
  journal={Power Delivery, IEEE Transactions on},
  volume={30},
  number={2},
  pages={561--568},
  year={2015},
  publisher={IEEE}
}

@article{kekatos2012optimal,
  title={Optimal placement of phasor measurement units via convex relaxation},
  author={Kekatos, Vassilis and Giannakis, Georgios and Wollenberg, Bruce},
  journal={Power Systems, IEEE Transactions on},
  volume={27},
  number={3},
  pages={1521--1530},
  year={2012},
  publisher={IEEE}
}

@article{wen2013optimal,
  title={Optimal multistage PMU placement for wide-area monitoring},
  author={Wen, Miles HF and Xu, Jin and Li, Victor OK},
  journal={Power Systems, IEEE Transactions on},
  volume={28},
  number={4},
  pages={4134--4143},
  year={2013},
  publisher={IEEE}
}

@article{conti2014reliability,
  title={Reliability assessment of distribution systems considering telecontrolled switches and microgrids},
  author={Conti, Stefania and Rizzo, Santi Agatino and El-Saadany, Ehab F and Essam, Mohamed and Atwa, Yasser M},
  journal={Power Systems, IEEE Transactions on},
  volume={29},
  number={2},
  pages={598--607},
  year={2014},
  publisher={IEEE}
}

@article{chen2014efficient,
  title={Efficient identification method for power line outages in the smart power grid},
  author={Chen, Jung-Chieh and Li, Wen-Tai and Wen, Chao-Kai and Teng, Jen-Hao and Ting, Pangan},
  journal={Power Systems, IEEE Transactions on},
  volume={29},
  number={4},
  pages={1788--1800},
  year={2014},
  publisher={IEEE}
}

@article{yan2015cascading,
  title={Cascading failure analysis with DC power flow model and transient stability analysis},
  author={Yan, Jun and Tang, Yufei and He, Haibo and Sun, Yan},
  journal={Power Systems, IEEE Transactions on},
  volume={30},
  number={1},
  pages={285--297},
  year={2015},
  publisher={IEEE}
}